@book{aho2007,
	author    = {Alfred V. Aho and Monica S. Lam and Ravi Sethi and Jeffrey D. Ullman},
	title     = {Compilers: Principles, Techniques, and Tools},
	year      = {2007},
	publisher = {Addison-Wesley}
}
