
@article{thyssenkrupp,
      title  = "Bagger 288 â€“ a giant among bucket wheel excavators",
      author = "thyssenkrupp",
      url    = "https://www.thyssenkrupp-industrial-solutions.com/en/products-and-services/mining-systems/bucket-wheel-excavators/bagger-288",
    }

    